<record><leader>00000cas a22000007i 4500</leader><controlfield tag="001">868708297</controlfield><controlfield tag="008">140121c20149999txuwr ne      0   a0eng  </controlfield><datafield ind1=" " ind2=" " tag="010"><subfield code="a">  2013273816</subfield></datafield><datafield ind1=" " ind2=" " tag="040"><subfield code="a">TTS</subfield><subfield code="b">eng</subfield><subfield code="e">rda</subfield><subfield code="c">TTS</subfield><subfield code="d">TTS</subfield><subfield code="d">DLC</subfield><subfield code="d">OCLCF</subfield></datafield><datafield ind1=" " ind2=" " tag="012"><subfield code="m">1</subfield></datafield><datafield ind1="1" ind2=" " tag="022"><subfield code="a">2333-7583</subfield><subfield code="2">1</subfield></datafield><datafield ind1=" " ind2=" " tag="032"><subfield code="a">166240</subfield><subfield code="b">USPS</subfield></datafield><datafield ind1=" " ind2=" " tag="042"><subfield code="a">pcc</subfield><subfield code="a">nsdp</subfield></datafield><datafield ind1=" " ind2=" " tag="043"><subfield code="a">n-us-tx</subfield></datafield><datafield ind1="1" ind2="0" tag="050"><subfield code="a">ISSN RECORD</subfield></datafield><datafield ind1=" " ind2="0" tag="222"><subfield code="a">Eastland County today</subfield></datafield><datafield ind1="0" ind2="0" tag="245"><subfield code="a">Eastland County today.</subfield></datafield><datafield ind1=" " ind2="1" tag="264"><subfield code="a">Eastland, TX :</subfield><subfield code="b">Eastland County Newspapers, Inc.,</subfield><subfield code="c">2014-</subfield></datafield><datafield ind1=" " ind2=" " tag="300"><subfield code="a">volumes :</subfield><subfield code="b">illustrations (some color) ;</subfield><subfield code="c">57 cm., folded to 28 cm</subfield></datafield><datafield ind1=" " ind2=" " tag="310"><subfield code="a">Weekly</subfield></datafield><datafield ind1=" " ind2=" " tag="336"><subfield code="a">text</subfield><subfield code="b">txt</subfield><subfield code="2">rdacontent</subfield></datafield><datafield ind1=" " ind2=" " tag="337"><subfield code="a">unmediated</subfield><subfield code="b">n</subfield><subfield code="2">rdamedia</subfield></datafield><datafield ind1=" " ind2=" " tag="338"><subfield code="a">volume</subfield><subfield code="b">nc</subfield><subfield code="2">rdacarrier</subfield></datafield><datafield ind1="1" ind2=" " tag="362"><subfield code="a">Began with: Vol. 1, no. 1 (Jan. 16, 2014)</subfield></datafield><datafield ind1=" " ind2=" " tag="588"><subfield code="a">Description based on surrogate of: Volume 1, Number 1 (January 16, 2014).</subfield></datafield><datafield ind1=" " ind2=" " tag="588"><subfield code="a">Latest issue consulted: Volume 1, Number 1 (January 16, 2014) (Surrogate).</subfield></datafield><datafield ind1=" " ind2=" " tag="580"><subfield code="a">Incorporates: Cisco Press, Eastland Telegram, Gorman Progress, Ranger Times, Rising Star, and Star Farm &amp; Ranch.</subfield></datafield><datafield ind1=" " ind2="0" tag="651"><subfield code="a">Eastland County (Tex.)</subfield><subfield code="v">Newspapers.</subfield></datafield><datafield ind1=" " ind2="7" tag="655"><subfield code="a">Newspapers.</subfield><subfield code="2">fast</subfield><subfield code="0">(OCoLC)fst01423814</subfield></datafield><datafield ind1=" " ind2="7" tag="651"><subfield code="a">Texas</subfield><subfield code="z">Eastland County.</subfield><subfield code="2">fast</subfield><subfield code="0">(OCoLC)fst01210547</subfield></datafield><datafield ind1="1" ind2="4" tag="780"><subfield code="t">Cisco Press</subfield><subfield code="w">(DLC)sn 86088408</subfield><subfield code="w">(OCoLC)14049747</subfield></datafield><datafield ind1="1" ind2="4" tag="780"><subfield code="t">Eastland telegram (Eastland, Tex. : 1953)</subfield><subfield code="w">(DLC)sn 86088486</subfield><subfield code="w">(OCoLC)14091298</subfield></datafield><datafield ind1="1" ind2="4" tag="780"><subfield code="t">Gorman progress</subfield><subfield code="w">(DLC)sn 86089208</subfield><subfield code="w">(OCoLC)14249614</subfield></datafield><datafield ind1="1" ind2="4" tag="780"><subfield code="t">Ranger times (Ranger, Tex.: 1953)</subfield><subfield code="w">(DLC)sn 86089323</subfield><subfield code="w">(OCoLC)14267483</subfield></datafield><datafield ind1="1" ind2="4" tag="780"><subfield code="t">Rising star (Rising Star, Tex. : 1965)</subfield><subfield code="w">(DLC)sn 87091148</subfield><subfield code="w">(OCoLC)16953289</subfield></datafield></record>